@book{gj79,
 author = "Michael R. Garey and David S. Johnson",
 title = "Computers and Intractability: A Guide to the Theory of
                  NP-completeness",
 publisher = "W. H. Freeman and Company",
 year = "1979",
 address = "New York, NY"
}

@inproceedings{schoning87,
 author = {Schöning, Uwe},
 title = {Graph Isomorphism is in the Low Hierarchy},
 booktitle = {Proceedings of the 4th Annual Symposium on Theoretical Aspects of
 Computer Science},
 series = {STACS '87},
 year = 1987,
 isbn = {3-540-17219-X},
 pages = {114--124},
 numpages = 11,
 doi = {10.1007/BFb0039590},
 publisher = {Springer-Verlag},
 address = {London, UK}
}

@mvbook{bdg95,
  author = {José Luis Balcázar and Josep Díaz and Joaquim Gabarró},
  title = {Structural Complexity},
  publisher = {Springer-Verlag},
  isbn = {9783642970627},
  month = feb,
  year = 1995,
  edition = 2,
  volumes = 2,
  volume = {I}
}

@article{fg11,
  title = {Complexity classes of equivalence problems revisited},
  journal = {Information and Computation},
  volume = 209,
  number = 4,
  pages = {748--763},
  year = 2011,
  issn = {0890-5401},
  doi = {10.1016/j.ic.2011.01.006},
  author = {Lance Fortnow and Joshua A. Grochow},
}

@article{ladner75,
  author = {Ladner, Richard E.},
  title = {On the Structure of Polynomial Time Reducibility},
  journal = {Journal of the ACM},
  volume = 22,
  issue = 1,
  month = jan,
  year = 1975,
  issn = {0004-5411},
  pages = {155--171},
  doi = {10.1145/321864.321877},
  publisher = {ACM},
  address = {New York, NY, USA},
}

@article{schoning82,
  title = {A uniform approach to obtain diagonal sets in complexity classes},
  journal = {Theoretical Computer Science},
  volume = 18,
  number = 1,
  pages = {95--103},
  year = 1982,
  issn = {0304-3975},
  doi = {10.1016/0304-3975(82)90114-1},
  author = {Uwe Schöning}
}

@article{bcffm,
  title = {Strong Isomorphism Reductions in Complexity Theory},
  author = {Samuel R. Buss and Yijia Chen and Jörg Flum and Sy Friedman and Moritz Müller},
  journal = {The Journal of Symbolic Logic},
  volume = 76,
  issue = 4,
  year = 2011,
  pages = {1381--1402},
  doi = {10.2178/jsl/1318338855},
}

@inproceedings{at96,
  title = {The Boolean Isomorphism Problem},
  author = {Agrawal, Manindra and Thierauf, Thomas},
  booktitle = {37th Annual Symposium on Foundations of Computer Science},
  pages = {422--430},
  isbn = {0-8186-7594-2},
  year = 1996,
  organization = {IEEE},
  publisher = {IEEE Computer Society},
  doi = {10.1109/SFCS.1996.548501},
  address = {Los Alamitos, CA, USA}
}

@inproceedings{rs11,
  author = {Raghavendra Rao B.V. and Jayalal Sarma M.N.},
  title = {Isomorphism testing of read-once functions and polynomials},
  booktitle = {Foundations of Software Technology and Theoretical Computer Science},
  month = dec,
  year = 2011,
  doi = {10.4230/LIPIcs.FSTTCS.2011.115}
}

@article{chm12,
  title={The hierarchy of equivalence relations on the natural numbers under computable reducibility},
  author={Coskey, Samuel and Hamkins, Joel David and Miller, Russell},
  journal={Computability},
  volume=1,
  number=1,
  pages={15--38},
  year=2012,
  doi = {10.3233/COM-2012-004},
  publisher={IOS Press}
}

@article{imnn13,
  title={Complexity of equivalence relations and preorders from computability theory},
  author={Ianovski, Egor and Miller, Russell and Ng, Keng Meng and Nies, Andre},
  journal={arXiv},
  pubstate = {Preprint},
  url = {http://arxiv.org/abs/1302.0580v2},
  year={2013}
}

@unpublished{gz14,
  title = {On Polynomial-Time Relation Reducibility},
  author = {Su Gao and Caleb Ziegler},
  year = 2014,
  url = {http://www.math.unt.edu/~sgao/pub/paper46.html},
  pubstate = {To appear}
}

@article{gg01,
  year = 2001,
  issn = {0039-3215},
  journal = {Studia Logica},
  volume = 67,
  number = 1,
  doi = {10.1023/A:1010521410739},
  title = {Computably Enumerable Equivalence Relations},
  publisher = {Kluwer Academic Publishers},
  author = {Gao, Su and Gerdes, Peter},
  pages = {27--59},
}

@article{ff12,
  author = {Fokina, Ekaterina B. and Friedman, Sy-David},
  title = {On $\Sigma^1_1$ equivalence relations over the natural numbers},
  journal = {Mathematical Logic Quarterly},
  volume = 58,
  number = {1-2},
  publisher = {WILEY-VCH Verlag},
  issn = {1521-3870},
  doi = {10.1002/malq.201020063},
  pages = {113--124},
  year = 2012
}

@article{almnss14,
  title = {Universal computably enumerable equivalence relations},
  author = {Andrews, Uri and Lempp, Steffen and Miller, Joseph S and Ng, Keng Meng and San Mauro, Luca and Sorbi, Andrea},
  journal = {The Journal of Symbolic Logic},
  volume = 79,
  number = 01,
  pages = {60--88},
  year = 2014,
  publisher = {Cambridge University Press},
  doi = {10.1017/jsl.2013.8}
}

@incollection{ffn12,
  year = 2012,
  isbn = {978-3-642-32620-2},
  booktitle = {Logic, Language, Information and Computation},
  volume = 7456,
  series = {Lecture Notes in Computer Science},
  editor = {Ong, Luke and de Queiroz, Ruy},
  doi = {10.1007/978-3-642-32621-9_2},
  title = {Equivalence Relations That Are $\Sigma^0_3$ Complete for Computable Reducibility},
  publisher = {Springer Berlin Heidelberg},
  author = {Fokina, Ekaterina and Friedman, Sy and Nies, André},
  pages = {26--33}
}

@article{mn14,
  year = 2014,
  title = {Finitary reducibilities on equivalence relations},
  author = {Russell Miller and Keng Meng Ng},
  journal = {arXiv},
  pubstate = {Preprint},
  url = {http://arxiv.org/abs/1406.3646}
}

@book{savage98,
  author = {John E. Savage},
  title = {Models of Computation: Exploring the Power of Computing},
  year = {1998},
  publisher = {Addison-Wesley}
}

@techreport{bc79,
  author = {Kellogg S. Booth and Charles J. Colbourn},
  title = {Problems Polynomially Equivalent to Graph Isomorphism},
  year = 1979,
  month = jun,
  institution = {University of Waterloo},
  number = {CS-77-04}
}

@article{bh77,
  title = {On Isomorphisms and Density of $\NP$ and Other Complete Sets},
  author = {Berman, Leonard and Hartmanis, Juris},
  journal = {SIAM Journal on Computing},
  volume = 6,
  number = 2,
  pages = {305--322},
  doi = {10.1137/0206023},
  year = 1977,
  publisher = {SIAM}
}

@unpublished{babai77,
  author = {László Babai},
  title = {On the isomorphism problem},
  note = {Manuscript},
  numpages = 10,
  year = 1977
}

@unpublished{kucera76,
  author = {Luděk Kučera},
  title = {Theory of categories and negative results in computational complexity},
  note = {Manuscript},
  year = 1976
}

@article{zkt85,
  author = {V. N. Zemlyachenko and N. M. Korneenko and R. I. Tyshkevich},
  title = {Graph isomorphism problem},
  journal = {Journal of Soviet Mathematics},
  year = 1985,
  month = may,
  volume = 29,
  number = 4,
  pages = {1426--1481},
  numpages = 56,
  publisher = {Springer New York},
  doi = {10.1007/BF02104746}
}

@inproceedings{babai14,
  author = {László Babai},
  title = {On the Automorphism Groups of Strongly Regular Graphs I},
  booktitle = {Proceedings of the 5th Conference on Innovations in Theoretical Computer Science},
  series = {ITCS '14},
  year = 2014,
  isbn = {978-1-4503-2698-8},
  location = {Princeton, New Jersey, USA},
  pages = {359--368},
  numpages = 10,
  doi = {10.1145/2554797.2554830},
  publisher = {ACM},
  address = {New York, NY, USA},
}

@article{df03,
  title = {Uniformly Hard Languages},
  author = {Downey, Rod and Fortnow, Lance},
  journal = {Theoretical Computer Science},
  volume = 298,
  number = 2,
  pages = {303--315},
  year = 2003,
  publisher = {Elsevier}
}

@book{kst93,
  title = {The Graph Isomorphism Problem: Its Structural Complexity},
  author = {Johannes Köbler and Uwe Schöning and Jacobo Torán},
  year = 1993,
  numpages = 160,
  publisher = {Birkhäuser},
  location = {Boston},
  isbn = 9780817636807
}

@article{sbr02,
  title = {Isoperimetric and Isodiametric Functions of Groups},
  author = {Sapir, Mark V. and Birget, Jean-Camille and Rips, Eliyahu},
  journal = {Annals of Mathematics},
  volume = 156,
  number = 2,
  series = {Second Series},
  pages = {345--466},
  doi = {10.2307/3597195},
  ISSN = {0003486X},
  year = 2002,
  publisher = {Annals of Mathematics}
}

@book{ab09,
  title = {Computational Complexity: A Modern Approach},
  author = {Arora, Sanjeev and Barak, Boaz},
  year = 2009,
  isbn = {9780521424264},
  publisher = {Cambridge University Press}
}

@article{fs89,
  title = {A Borel Reducibility Theory for Classes of Countable Structures},
  author = {Harvey Friedman and Lee Stanley},
  journal = {The Journal of Symbolic Logic},
  volume = 54,
  number = 3,
  month = sep,
  year = 1989,
  pages = {894--914},
  publisher = {Association for Symbolic Logic},
  doi = {10.2307/2274750}
}
