@inproceedings{miller77,
 author = {Miller, Gary L.},
 title = {Graph isomorphism, general remarks},
 booktitle = {Proceedings of the ninth annual ACM symposium on Theory of
                  computing},
 series = {STOC '77},
 year = {1977},
 location = {Boulder, Colorado, United States},
 pages = {143--150},
 numpages = {8},
 url = {http://doi.acm.org/10.1145/800105.803404},
 doi = {http://doi.acm.org/10.1145/800105.803404},
 acmid = {803404},
 publisher = {ACM},
 address = {New York, NY, USA},
}


@article{miller79,
 author = "Gary L. Miller",
 title = "Graph Isomorphism, General Remarks",
 journal = "Journal of Computer and System Sciences",
 year = "1979",
 volume = "18",
 number = "2",
 pages = "128--142",
 thanks = "NSF NRC-A5549, Alfred P. Sloan Foundation 74-12-5, ARPA ONR
                  N00014-75-C-1091",
 month = "April"
}
                  
@inproceedings{kozen77,
 author = "Kozen, Dexter",
 title = "Complexity of finitely presented algebras",
 booktitle = "Proceedings of the ninth annual ACM symposium on Theory of
                  computing",
 series = "STOC '77",
 year = "1977",
 location = "Boulder, Colorado, United States",
 pages = "164--177",
 numpages = "14",
 url = "http://doi.acm.org/10.1145/800105.803406",
 doi = "http://doi.acm.org/10.1145/800105.803406",
 acmid = "803406",
 publisher = "ACM",
 address = "New York, NY, USA"
}

@article{wl68,
 author = "B. Weisfeiler and A. A. Lehman",
 title = "Reduction of a graph to a canonical form and an algebra arising
                  during this reduction",
 journal = "Nauchno-Techn. Inform.",
 volume = "2",
 number = "9",
 pages = "12--16",
 numpages = "5",
 year = "1968"
}

@article{hn70,
 author = "Pavol Hell and Jaroslav, Ne\u{s}et\u{r}il",
 title = "Graphs and $k$-societies",
 journal = "Canadian Mathematical Bulletin",
 volume = "13",
 year = "1970",
 pages = "375--381",
 numpages = "7"
}

@article{pultr64,
 author = "A. Pultr",
 title = "Concerning universal categories",
 journal = "Commentationes Mathematicae Universitatis Carolinae",
 month = "March",
 year = "1964",
 volume = "5",
 number = "4",
 pages = "227--239",
 numpages = "13"
}

@article{zkt85,
 author = "V. N. Zemlyachenko and N. M. Korneenko and R. I. Tyshkevich",
 title = "Graph isomorphism problem",
 journal = "Journal of Mathematical Sciences",
 year = "1985",
 month = "May",
 volume = "29",
 number = "4",
 pages = "1426--1481",
 numpages = "56",
 publisher = "Springer New York",
 url = "http://www.springerlink.com/content/t88l336817148836/",
 doi = "10.1007/BF02104746"
}

@techreport{babai79,
 author = {L\'{a}szl\'{o} Babai},
 title = {Monte Carlo algorithms in graph isomorphism testing},
 number = {DMS 79-10},
 institution = {Universit\'{e} de Montr\'{e}al},
 year = {1979}
}

@article{booth78,
 author = {Kellogg S. Booth},
 title = {Isomorphism Testing for Graphs, Semigroups, and Finite Automata are
                  Polynomially Equivalent Problems},
 publisher = {SIAM},
 year = {1978},
 journal = {SIAM Journal on Computing},
 volume = {7},
 number = {3},
 pages = {273--279},
 url = {http://link.aip.org/link/?SMJ/7/273/1},
 doi = {10.1137/0207023}
}

@article{frucht50,
 author = "Robert Frucht",
 title = "Lattices with a given abstract group of automorphisms",
 journal = "Canadian Journal of Mathematics",
 year = "1950",
 volume = "2",
 pages = "417--419",
 numpages = "3"
}

